@Article{Arner2015,
  Author="Arner, E.  and Daub, C. O.  and Vitting-Seerup, K.  and Andersson, R.  and Lilje, B.  and Drabl{\o}s, F.  and Lennartsson, A.  and R{\"o}nnerblad, M.  and Hrydziuszko, O.  and Vitezic, M.  and Freeman, T. C.  and Alhendi, A. M.  and Arner, P.  and Axton, R.  and Baillie, J. K.  and Beckhouse, A.  and Bodega, B.  and Briggs, J.  and Brombacher, F.  and Davis, M.  and Detmar, M.  and Ehrlund, A.  and Endoh, M.  and Eslami, A.  and Fagiolini, M.  and Fairbairn, L.  and Faulkner, G. J.  and Ferrai, C.  and Fisher, M. E.  and Forrester, L.  and Goldowitz, D.  and Guler, R.  and Ha, T.  and Hara, M.  and Herlyn, M.  and Ikawa, T.  and Kai, C.  and Kawamoto, H.  and Khachigian, L. M.  and Klinken, S. P.  and Kojima, S.  and Koseki, H.  and Klein, S.  and Mejhert, N.  and Miyaguchi, K.  and Mizuno, Y.  and Morimoto, M.  and Morris, K. J.  and Mummery, C.  and Nakachi, Y.  and Ogishima, S.  and Okada-Hatakeyama, M.  and Okazaki, Y.  and Orlando, V.  and Ovchinnikov, D.  and Passier, R.  and Patrikakis, M.  and Pombo, A.  and Qin, X. Y.  and Roy, S.  and Sato, H.  and Savvi, S.  and Saxena, A.  and Schwegmann, A.  and Sugiyama, D.  and Swoboda, R.  and Tanaka, H.  and Tomoiu, A.  and Winteringham, L. N.  and Wolvetang, E.  and Yanagi-Mizuochi, C.  and Yoneda, M.  and Zabierowski, S.  and Zhang, P.  and Abugessaisa, I.  and Bertin, N.  and Diehl, A. D.  and Fukuda, S.  and Furuno, M.  and Harshbarger, J.  and Hasegawa, A.  and Hori, F.  and Ishikawa-Kato, S.  and Ishizu, Y.  and Itoh, M.  and Kawashima, T.  and Kojima, M.  and Kondo, N.  and Lizio, M.  and Meehan, T. F.  and Mungall, C. J.  and Murata, M.  and Nishiyori-Sueki, H.  and Sahin, S.  and Nagao-Sato, S.  and Severin, J.  and de Hoon, M. J.  and Kawai, J.  and Kasukawa, T.  and Lassmann, T.  and Suzuki, H.  and Kawaji, H.  and Summers, K. M.  and Wells, C.  and Hume, D. A.  and Forrest, A. R.  and Sandelin, A.  and Carninci, P.  and Hayashizaki, Y. ",
  Title="{{T}ranscribed enhancers lead waves of coordinated transcription in transitioning mammalian cells}",
  Journal="Science",
  Year="2015",
  Volume="347",
  Number="6225",
  Pages="1010--1014",
  Month="Feb"
}

@article{Barabasi2004,
  Author = {Barab\'asi, A. L. and Oltvai, Z. N.},
   Title = {Network biology: understanding the cell's functional organization},
  Journal = {Nat Rev Genet},
  Volume = {5},
  Number = {2},
  Pages = {101-13},
  Keywords = {Animals
    Cell Communication
    Cell Compartmentation
    *Cell Physiological Phenomena
    Humans
    Metabolism
    *Models, Biological},
  Year = {2004} }

@Manual{Matrix,
  title = {Matrix: Sparse and Dense Matrix Classes and Methods},
  author = {Douglas Bates and Martin Maechler},
  year = {2016},
  note = {R package version 1.2-7.1},
  url = {https://CRAN.R-project.org/package=Matrix},
}

@article{Reactome,
  author = {Croft, D and Mundo, A F and Haw, R and Milacic, M  and Weiser, J and Wu, G and Caudy, M and Garapati, P and Gillespie, M and Kamdar, M R  and Jassal, B and Jupe, S and Matthews, L and May, B and Palatnik, S and Rothfels, K and Shamovsky, V  and Song, H and Williams, M and Birney, E and Hermjakob, H and Stein, L and D'Eustachio, P},
  title = {{The Reactome pathway knowledgebase}},
  year = {2014},
  journal = {Nucleic Acids Res},
  volume = {42},
  number = {database issue},
  pages = {D472â€“D477},
  abstract = {Reactome (http://www.reactome.org) is a manually curated open-source open-data resource of human pathways and reactions. The current version 46 describes 7088 human proteins (34\% of the predicted human proteome), participating in 6744 reactions based on data extracted from 15 107 research publications with PubMed links. The Reactome Web site and analysis tool set have been completely redesigned to increase speed, flexibility and user friendliness. The data model has been extended to support annotation of disease processes due to infectious agents and to mutation.},
  FAU = {Croft, David},
  doi = {10.1093/nar/gkt1102},
  type = {Journal Article},
}

@Article{igraph,
    title = {The igraph software package for complex network research},
    author = {Gabor Csardi and Tamas Nepusz},
    journal = {InterJournal},
    volume = {Complex Systems},
    pages = {1695},
    year = {2006},
    url = {http://igraph.org},
}
  
  

@Manual{matrixcalc,
  title = {matrixcalc: Collection of functions for matrix calculations},
  author = {Frederick Novomestky},
  year = {2012},
  note = {R package version 1.0-3},
  url = {https://CRAN.R-project.org/package=matrixcalc},
}



@incollection{Genz2009,
   Author="Alan Genz and Frank Bretz",
   Title={Computation of Multivariate Normal and {t} Probabilities},
   BookTitle="Lecture Notes in Statistics",
   Volume = "195",
   Publisher = "Springer-Verlag",
   Address = "Heidelberg",
   ISBN = "978-3-642-01688-2", 
   Year = "2009",
   }

@Manual{mvtnorm,
  title = {mvtnorm: Multivariate Normal and t Distributions},
  author = {Alan Genz and Frank Bretz and Tetsuhisa Miwa and Xuefei Mi and Friedrich Leisch and Fabian Scheipl and Torsten Hothorn},
  year = {2016},
  note = {R package version 1.0-5. URL},
  url = {http://CRAN.R-project.org/package=mvtnorm},
  }

@Article{Hawe2019,
   Author="Hawe, J. S.  and Theis, F. J.  and Heinig, M. ",
   Title="{{I}nferring {I}nteraction {N}etworks {F}rom {M}ulti-{O}mics {D}ata}",
   Journal="Front Genet",
   Year="2019",
   Volume="10",
   Pages="535"
}

@article{Higham2002,
  doi = {10.1093/imanum/22.3.329},
  year = {2002},
  month = {july},
  publisher = {{Oxford University Press}},
  volume = {22},
  number = {3},
  pages = {329--343},
  author = {N. J. Higham},
  title = {Computing the nearest correlation matrix--a problem from finance},
  journal = {IMA Journal of Numerical Analysis},
}

@article{Hirose2008,
author = {Hirose, Osamu and Yoshida, Ryo and Imoto, Seiya and Yamaguchi, Rui and Higuchi, Tomoyuki and Charnock-Jones, D. Stephen and Print, Cristin and Miyano, Satoru},
title = {Statistical inference of transcriptional module-based gene networks from time course gene expression profiles by using state space models},
journal = {Bioinformatics},
volume = {24},
number = {7},
pages = {932-942},
year = {2008},
doi = {10.1093/bioinformatics/btm639},
URL = { + http://dx.doi.org/10.1093/bioinformatics/btm639},
eprint = {/oup/backfile/content_public/journal/bioinformatics/24/7/10.1093_bioinformatics_btm639/2/btm639.pdf}
}


@Article{Hu2016,
   Author="Hu, J. X.  and Thomas, C. E.  and Brunak, S. ",
   Title="{{N}etwork biology concepts in complex disease comorbidities}",
   Journal="Nat. Rev. Genet.",
   Year="2016",
   Volume="17",
   Number="10",
   Pages="615--629",
   Month="10"
}


@Article{Komatsu2013,
   Author="Komatsu, M.  and Yoshimaru, T.  and Matsuo, T.  and Kiyotani, K.  and Miyoshi, Y.  and Tanahashi, T.  and Rokutan, K.  and Yamaguchi, R.  and Saito, A.  and Imoto, S.  and Miyano, S.  and Nakamura, Y.  and Sasa, M.  and Shimada, M.  and Katagiri, T. ",
   Title="{{M}olecular features of triple negative breast cancer cells by genome-wide gene expression profiling analysis}",
   Journal="Int. J. Oncol.",
   Year="2013",
   Volume="42",
   Number="2",
   Pages="478--506",
   Month="Feb"
}


@Article{Law2014,
  doi = {10.1186/gb-2014-15-2-r29},
  publisher = {Springer Nature},
   Author="Law, C. W.  and Chen, Y.  and Shi, W.  and Smyth, G. K. ",
   Title="{voom: {P}recision weights unlock linear model analysis tools for {R}{N}{A}-seq read counts}",
   Journal="Genome Biol.",
   Year="2014",
   Volume="15",
   Number="2",
   Pages="R29",
   Month="Feb"
}

@Article{Li2015,
   Author="Li, P.  and Piao, Y.  and Shon, H. S.  and Ryu, K. H. ",
   Title="{{C}omparing the normalization methods for the differential analysis of {I}llumina high-throughput {R}{N}{A}-{S}eq data}",
   Journal="BMC Bioinformatics",
   Year="2015",
   Volume="16",
   Pages="347",
   Month="Oct"
}

@Article{Markowetz2017,
   Author="Markowetz, F. ",
   Title="{{A}ll biology is computational biology}",
   Journal="PLoS Biol.",
   Year="2017",
   Volume="15",
   Number="3",
   Pages="e2002050",
   Month="Mar"
}

@Article{Markowetz2007,
   Author="Markowetz, F.  and Spang, R. ",
   Title="{{I}nferring cellular networks--a review}",
   Journal="BMC Bioinformatics",
   Year="2007",
   Volume="8 Suppl 6",
   Pages="S5",
   Month="Sep"
}

@Article{Perou2000,
   Author="Perou, C. M.  and S{\o}rlie, T.  and Eisen, M. B.  and van de Rijn, M.  and Jeffrey, S. S.  and Rees, C. A.  and Pollack, J. R.  and Ross, D. T.  and Johnsen, H.  and Akslen, L. A.  and Fluge, {\O}.  and Pergamenschikov, A.  and Williams, C.  and Zhu, S. X.  and L{\o}nning, P. E.  and B{\o}rresen-Dale, A. L.  and Brown, P. O.  and Botstein, D. ",
   Title="{{M}olecular portraits of human breast tumours}",
   Journal="Nature",
   Year="2000",
   Volume="406",
   Number="6797",
   Pages="747--752",
   Month="Aug"
}

@article{limma,
  author = {Matthew E Ritchie and Belinda Phipson and Di Wu and Yifang Hu and Charity W Law and Wei Shi and Gordon K Smyth},
  title = {{limma} powers differential expression analyses for {RNA}-sequencing and microarray studies},
  journal = {Nucleic Acids Research},
  year = {2015},
  volume = {43},
  number = {7},
  pages = {e47},
}

@Article{Svensson2018,
   Author="Svensson, V.  and Vento-Tormo, R.  and Teichmann, S. A. ",
   Title="{{E}xponential scaling of single-cell {R}{N}{A}-seq in the past decade}",
   Journal="Nat Protoc",
   Year="2018",
   Volume="13",
   Number="4",
   Pages="599--604",
   Month="04"
}

@Article{Ozsolak2011,
   Author="Ozsolak, F.  and Milos, P. M. ",
   Title="{{R}{N}{A} sequencing: advances, challenges and opportunities}",
   Journal="Nat. Rev. Genet.",
   Year="2011",
   Volume="12",
   Number="2",
   Pages="87--98",
   Month="Feb"
}



@Article{Shimamura2009,
author="Shimamura, Teppei
and Imoto, Seiya
and Yamaguchi, Rui
and Fujita, Andr{\'e}
and Nagasaki, Masao
and Miyano, Satoru",
title="Recursive regularization for inferring gene networks from time-course gene expression profiles",
journal="BMC Systems Biology",
year="2009",
month="Apr",
day="22",
volume="3",
number="1",
pages="41",
abstract="Inferring gene networks from time-course microarray experiments with vector autoregressive (VAR) model is the process of identifying functional associations between genes through multivariate time series. This problem can be cast as a variable selection problem in Statistics. One of the promising methods for variable selection is the elastic net proposed by Zou and Hastie (2005). However, VAR modeling with the elastic net succeeds in increasing the number of true positives while it also results in increasing the number of false positives.",
issn="1752-0509",
doi="10.1186/1752-0509-3-41",
url="https://doi.org/10.1186/1752-0509-3-41"
}

@Article{Wang2018,
   Author="Wang, J.  and Huang, M.  and Torre, E.  and Dueck, H.  and Shaffer, S.  and Murray, J.  and Raj, A.  and Li, M.  and Zhang, N. R. ",
   Title="{{G}ene expression distribution deconvolution in single-cell {R}{N}{A} sequencing}",
   Journal="Proc. Natl. Acad. Sci. U.S.A.",
   Year="2018",
   Volume="115",
   Number="28",
   Pages="E6437-E6446",
   Month="07"
}

@Article{Yamaguchi2007,
   Title="{{F}inding module-based gene networks with state-space models - Mining high-dimensional and short time-course gene expression data}",
   Author="Rui Yamaguchi and Ryo Yoshida and Seiya Imoto and Tomoyuki Higuchi and Satoru Miyano",
   Journal="IEEE Signal Processing Magazine",
   Year="2007",
   Volume="24",
   Number="1",
   Pages="37--46",
   Month="Jan"
}